<record><leader>00000cas a2200000 a 4500</leader><controlfield tag="001">32571123</controlfield><controlfield tag="008">950530d192819uunyuwr ne      0    0eng c</controlfield><datafield ind1=" " ind2=" " tag="010"><subfield code="a">sn 95071205 </subfield></datafield><datafield ind1=" " ind2=" " tag="040"><subfield code="a">NYS</subfield><subfield code="b">eng</subfield><subfield code="c">NYS</subfield><subfield code="d">OCLCQ</subfield><subfield code="d">OCLCF</subfield><subfield code="d">OCLCO</subfield></datafield><datafield ind1="1" ind2=" " tag="029"><subfield code="a">AU@</subfield><subfield code="b">000011869080</subfield></datafield><datafield ind1=" " ind2=" " tag="042"><subfield code="a">pcc</subfield></datafield><datafield ind1=" " ind2=" " tag="043"><subfield code="a">n-us-ny</subfield></datafield><datafield ind1="0" ind2="0" tag="245"><subfield code="a">Malverne herald.</subfield></datafield><datafield ind1=" " ind2=" " tag="260"><subfield code="a">Malverne, N.Y. :</subfield><subfield code="b">Bill Dixon,</subfield><subfield code="c">1928-</subfield></datafield><datafield ind1=" " ind2=" " tag="300"><subfield code="a">v.</subfield></datafield><datafield ind1=" " ind2=" " tag="310"><subfield code="a">Weekly</subfield></datafield><datafield ind1="0" ind2=" " tag="362"><subfield code="a">Vol. 1, no. 1 (Mar. 8, 1928)-</subfield></datafield><datafield ind1=" " ind2=" " tag="500"><subfield code="a">Publishers: Bill Dixon, Feb. 8, 1928-Oct. 26, 1928; Gateway Pub. Co., Nov. 2, 1928-Sept. 2, 1932; Sally Lambert Mackreth Sept. 9, 1932-&lt;Dec. 30, 1971&gt;.</subfield></datafield><datafield ind1=" " ind2=" " tag="500"><subfield code="a">"Official newspaper of the incorporated village."</subfield></datafield><datafield ind1=" " ind2=" " tag="500"><subfield code="a">Covering: Malverne, Lynbrook, Lakeview, Westwood, East Rockaway, Hempstead Gardens, &lt;1936&gt;.</subfield></datafield><datafield ind1=" " ind2="0" tag="651"><subfield code="a">Malverne (N.Y.)</subfield><subfield code="v">Newspapers.</subfield></datafield><datafield ind1=" " ind2="0" tag="651"><subfield code="a">Nassau County (N.Y.)</subfield><subfield code="v">Newspapers.</subfield></datafield><datafield ind1=" " ind2="7" tag="655"><subfield code="a">Newspapers.</subfield><subfield code="2">fast</subfield><subfield code="0">(OCoLC)fst01423814</subfield></datafield><datafield ind1=" " ind2="7" tag="651"><subfield code="a">New York (State)</subfield><subfield code="z">Malverne.</subfield><subfield code="2">fast</subfield><subfield code="0">(OCoLC)fst01259822</subfield></datafield><datafield ind1=" " ind2="7" tag="651"><subfield code="a">New York (State)</subfield><subfield code="z">Nassau County.</subfield><subfield code="2">fast</subfield><subfield code="0">(OCoLC)fst01205518</subfield></datafield><datafield ind1=" " ind2=" " tag="752"><subfield code="a">United States</subfield><subfield code="b">New York</subfield><subfield code="c">Nassau</subfield><subfield code="d">Malverne.</subfield></datafield></record>